<collection xmlns="http://www.loc.gov/MARC21/slim">
<record>
  <leader>01694nam0a2200325 i 450 </leader>
  <controlfield tag="001">IT\ICCU\CNCE\066876</controlfield>
  <controlfield tag="005">20151215000000.0</controlfield>
  <datafield tag="012" ind1=" " ind2=" ">
    <subfield code="a">team m:i- a-n- erve (3) 1589 (A)</subfield>
    <subfield code="2">fei</subfield>
  </datafield>
  <datafield tag="100" ind1=" " ind2=" ">
    <subfield code="a">20060907d1589        0itac0103    ba</subfield>
  </datafield>
  <datafield tag="101" ind1=" " ind2=" ">
    <subfield code="a">LAT</subfield>
  </datafield>
  <datafield tag="102" ind1=" " ind2=" ">
    <subfield code="a">IT</subfield>
  </datafield>
  <datafield tag="200" ind1="1" ind2=" ">
    <subfield code="a">In funere illustrissimi cardinalis Alexandri Farnesii, Antonii Hieronymi Ruuinagiae iurisconsulti Placentini oratio</subfield>
  </datafield>
  <datafield tag="210" ind1=" " ind2=" ">
    <subfield code="a">Placentiae</subfield>
    <subfield code="c">ex typographia Ioannis Bazachij</subfield>
    <subfield code="d">1589</subfield>
  </datafield>
  <datafield tag="215" ind1=" " ind2=" ">
    <subfield code="a">16 \i.e. 20! p.</subfield>
    <subfield code="d">4ʻ</subfield>
  </datafield>
  <datafield tag="620" ind1=" " ind2=" ">
    <subfield code="a">IT</subfield>
    <subfield code="d">Piacenza</subfield>
  </datafield>
  <datafield tag="700" ind1=" " ind2="1">
    <subfield code="a">Ruinagia,</subfield>
    <subfield code="b">Antonio Girolamo</subfield>
    <subfield code="3">IT\ICCU\CNCA\026991</subfield>
  </datafield>
  <datafield tag="712" ind1="0" ind2="0">
    <subfield code="a">Bazachi, Giovanni</subfield>
    <subfield code="3">IT\ICCU\CNCT\001313</subfield>
    <subfield code="4">650</subfield>
  </datafield>
  <datafield tag="790" ind1=" " ind2="1">
    <subfield code="a">Ruinaglia,</subfield>
    <subfield code="b">Gerolamo</subfield>
    <subfield code="3">IT\ICCU\CNCA\027201</subfield>
    <subfield code="z">Ruinagia, Antonio Girolamo</subfield>
  </datafield>
  <datafield tag="790" ind1=" " ind2="1">
    <subfield code="a">Ruynagia,</subfield>
    <subfield code="b">Antonio Gerolamo</subfield>
    <subfield code="3">IT\ICCU\CNCA\027202</subfield>
    <subfield code="z">Ruinagia, Antonio Girolamo</subfield>
  </datafield>
  <datafield tag="790" ind1=" " ind2="1">
    <subfield code="a">Ruvinagia,</subfield>
    <subfield code="b">Antonius Hieronymus</subfield>
    <subfield code="3">IT\ICCU\CNCA\027203</subfield>
    <subfield code="z">Ruinagia, Antonio Girolamo</subfield>
  </datafield>
  <datafield tag="790" ind1=" " ind2="1">
    <subfield code="a">Ruynagia,</subfield>
    <subfield code="b">Anton Gerolamo</subfield>
    <subfield code="3">IT\ICCU\CNCA\027204</subfield>
    <subfield code="z">Ruinagia, Antonio Girolamo</subfield>
  </datafield>
  <datafield tag="790" ind1=" " ind2="1">
    <subfield code="a">Ruinagia,</subfield>
    <subfield code="b">Anton Girolamo</subfield>
    <subfield code="3">IT\ICCU\CNCA\027205</subfield>
    <subfield code="z">Ruinagia, Antonio Girolamo</subfield>
  </datafield>
  <datafield tag="791" ind1="0" ind2="0">
    <subfield code="a">Bazzachi, Giovanni</subfield>
    <subfield code="3">IT\ICCU\CNCT\003629</subfield>
    <subfield code="z">Bazachi, Giovanni</subfield>
  </datafield>
  <datafield tag="791" ind1="0" ind2="0">
    <subfield code="a">Bazachius, Ioannes</subfield>
    <subfield code="3">IT\ICCU\CNCT\004307</subfield>
    <subfield code="z">Bazachi, Giovanni</subfield>
  </datafield>
  <datafield tag="801" ind1=" " ind2="3">
    <subfield code="a">IT</subfield>
    <subfield code="b">ICCU</subfield>
    <subfield code="c">20201115</subfield>
  </datafield>
  <datafield tag="899" ind1=" " ind2=" ">
    <subfield code="a">Biblioteca nazionale centrale. Firenze</subfield>
    <subfield code="1">FI0098</subfield>
    <subfield code="2">CFI CF</subfield>
  </datafield>
  <datafield tag="899" ind1=" " ind2=" ">
    <subfield code="a">Biblioteca Palatina. Parma</subfield>
    <subfield code="1">PR0072</subfield>
    <subfield code="2">PAR PA</subfield>
  </datafield>
  <datafield tag="899" ind1=" " ind2=" ">
    <subfield code="a">Biblioteca nazionale Marciana. Venezia</subfield>
    <subfield code="1">VE0049</subfield>
    <subfield code="2">VEA BM</subfield>
  </datafield>
  <datafield tag="911" ind1=" " ind2=" ">
    <subfield code="a">Sul front.</subfield>
    <subfield code="9">IT\ICCU\CNCM\000963</subfield>
  </datafield>
  <datafield tag="921" ind1=" " ind2=" ">
    <subfield code="a">IT\ICCU\CNCM\000963</subfield>
    <subfield code="b">Cerbero tricipite latrante alle porte dell&apos;Averno. In cornice figurata</subfield>
    <subfield code="e">Fida custodia</subfield>
    <subfield code="c">U50</subfield>
    <subfield code="d">Dimensioni: 5 x 5,5</subfield>
    <subfield code="f">FIDACUSTOD</subfield>
    <subfield code="f">CERBERO</subfield>
    <subfield code="g">1585-1589</subfield>
  </datafield>
</record>
</collection>
